% This file was created with JabRef 2.10.
% Encoding: UTF8


@InCollection{DBLP:reference/db/Grahne09a,
  Title                    = {Conditional Tables},
  Author                   = {G{\"{o}}sta Grahne},
  Booktitle                = {Encyclopedia of Database Systems},
  Year                     = {2009},
  Pages                    = {446--447},

  Bibsource                = {dblp computer science bibliography, http://dblp.org},
  Biburl                   = {http://dblp.uni-trier.de/rec/bib/reference/db/Grahne09a},
  Crossref                 = {DBLP:reference/db/2009},
  Doi                      = {10.1007/978-0-387-39940-9_1253},
  Timestamp                = {Fri, 25 Nov 2011 18:21:34 +0100},
  Url                      = {http://dx.doi.org/10.1007/978-0-387-39940-9_1253}
}

@Article{WorkingModelsForUncertainData,
  Title                    = {Working Models for Uncertain Data},
  Author                   = {A. Das Sarma, O. Benjelloun, A. Halevy, and J. Widom.},
  Journal                  = {Proc. of
ICDE},
  Year                     = {April 2006}
}

@Article{Barbara:1992:MPD:627288.627535,
  Title                    = {The Management of Probabilistic Data},
  Author                   = {Barbar\'{a}, D. and Garcia-Molina, H. and Porter, D.},
  Journal                  = {IEEE Trans. on Knowl. and Data Eng.},
  Year                     = {1992},

  Month                    = oct,
  Number                   = {5},
  Pages                    = {487--502},
  Volume                   = {4},

  Acmid                    = {627535},
  Address                  = {Piscataway, NJ, USA},
  Doi                      = {10.1109/69.166990},
  ISSN                     = {1041-4347},
  Issue_date               = {October 1992},
  Keywords                 = {data model, database representation, database theory, descriptive language, missing probabilities, partially specified probability distributions, probabilistic data management, relational algebra, relational databases, relational operators},
  Numpages                 = {16},
  Publisher                = {IEEE Educational Activities Department},
  Url                      = {http://dx.doi.org/10.1109/69.166990}
}

@InProceedings{Chandra:1977:OIC:800105.803397,
  Title                    = {Optimal Implementation of Conjunctive Queries in Relational Data Bases},
  Author                   = {Chandra, Ashok K. and Merlin, Philip M.},
  Booktitle                = {Proceedings of the Ninth Annual ACM Symposium on Theory of Computing},
  Year                     = {1977},

  Address                  = {New York, NY, USA},
  Pages                    = {77--90},
  Publisher                = {ACM},
  Series                   = {STOC '77},

  Acmid                    = {803397},
  Doi                      = {10.1145/800105.803397},
  Location                 = {Boulder, Colorado, USA},
  Numpages                 = {14},
  Url                      = {http://doi.acm.org/10.1145/800105.803397}
}

@Article{Franklin:2005:DDN:1107499.1107502,
  Title                    = {From Databases to Dataspaces: A New Abstraction for Information Management},
  Author                   = {Franklin, Michael and Halevy, Alon and Maier, David},
  Journal                  = {SIGMOD Rec.},
  Year                     = {2005},

  Month                    = dec,
  Number                   = {4},
  Pages                    = {27--33},
  Volume                   = {34},

  Acmid                    = {1107502},
  Address                  = {New York, NY, USA},
  Doi                      = {10.1145/1107499.1107502},
  ISSN                     = {0163-5808},
  Issue_date               = {December 2005},
  Numpages                 = {7},
  Publisher                = {ACM},
  Url                      = {http://doi.acm.org/10.1145/1107499.1107502}
}

@InProceedings{Grahne:1984:DSD:645912.671297,
  Title                    = {Dependency Satisfaction in Databases with Incomplete Information},
  Author                   = {Grahne, G\"{o}sta},
  Booktitle                = {Proceedings of the 10th International Conference on Very Large Data Bases},
  Year                     = {1984},

  Address                  = {San Francisco, CA, USA},
  Pages                    = {37--45},
  Publisher                = {Morgan Kaufmann Publishers Inc.},
  Series                   = {VLDB '84},

  Acmid                    = {671297},
  ISBN                     = {0-934613-16-8},
  Numpages                 = {9},
  Url                      = {http://dl.acm.org/citation.cfm?id=645912.671297}
}

@InProceedings{Halevy:2006:PDS:1142351.1142352,
  Title                    = {Principles of Dataspace Systems},
  Author                   = {Halevy, Alon and Franklin, Michael and Maier, David},
  Booktitle                = {Proceedings of the Twenty-fifth ACM SIGMOD-SIGACT-SIGART Symposium on Principles of Database Systems},
  Year                     = {2006},

  Address                  = {New York, NY, USA},
  Pages                    = {1--9},
  Publisher                = {ACM},
  Series                   = {PODS '06},

  Acmid                    = {1142352},
  Doi                      = {10.1145/1142351.1142352},
  ISBN                     = {1-59593-318-2},
  Keywords                 = {data integration, dataspaces, information retrieval and databases, personal information management},
  Location                 = {Chicago, IL, USA},
  Numpages                 = {9},
  Url                      = {http://doi.acm.org/10.1145/1142351.1142352}
}

@Article{Imielinski:1984:IIR:1634.1886,
  Title                    = {Incomplete Information in Relational Databases},
  Author                   = {Imieli\'{n}ski, Tomasz and Lipski,Jr., Witold},
  Journal                  = {J. ACM},
  Year                     = {1984},

  Month                    = sep,
  Number                   = {4},
  Pages                    = {761--791},
  Volume                   = {31},

  Acmid                    = {1886},
  Address                  = {New York, NY, USA},
  Doi                      = {10.1145/1634.1886},
  ISSN                     = {0004-5411},
  Issue_date               = {Oct. 1984},
  Numpages                 = {31},
  Publisher                = {ACM},
  Url                      = {http://doi.acm.org/10.1145/1634.1886}
}

@Article{Lakshmanan:1997:PFP:261124.261131,
  Title                    = {ProbView: A Flexible Probabilistic Database System},
  Author                   = {Lakshmanan, Laks V. S. and Leone, Nicola and Ross, Robert and Subrahmanian, V. S.},
  Journal                  = {ACM Trans. Database Syst.},
  Year                     = {1997},

  Month                    = sep,
  Number                   = {3},
  Pages                    = {419--469},
  Volume                   = {22},

  Acmid                    = {261131},
  Address                  = {New York, NY, USA},
  Doi                      = {10.1145/261124.261131},
  ISSN                     = {0362-5915},
  Issue_date               = {Sept. 1997},
  Keywords                 = {probabilistic databases, view maintenance},
  Numpages                 = {51},
  Publisher                = {ACM},
  Url                      = {http://doi.acm.org/10.1145/261124.261131}
}

@InProceedings{6167826,
  Title                    = {Towards a Model for Multimedia Dataspaces},
  Author                   = {Ndjafa, A. and Kosch, Harald and Coquil, D. and Brunie, L.},
  Booktitle                = {Multimedia on the Web (MMWeb), 2011 Workshop on},
  Year                     = {2011},
  Month                    = {Sept},
  Pages                    = {33-37},

  Doi                      = {10.1109/MMWeb.2011.18},
  Keywords                 = {data integration;multimedia systems;ontologies (artificial intelligence);dataspace paradigm;dataspace representation model;multimedia data integration techniques;multimedia dataspaces model;ontologies;relation types;semistructured data sources;similarity-based relation representation;Data models;Distributed databases;Medical services;Multimedia communication;Ontologies;Synchronization;Uncertainty;Data Management;Data integration;Modelization;Multimedia Dataspace}
}

@InBook{FoundationOfDatabases1995,
  Title                    = {Foundations of Databases},
  Author                   = {S. Abiteboul, R. Hull, and V. Vianu},
  Publisher                = {Addison-Wesley},
  Year                     = {1995}
}

