% Encoding: UTF-8

@Unknown{D2RMap,
  author = {Bizer, Christian},
  title  = {D2R MAP â€“ a database to RDF mapping language},
  month  = {January},
  year   = {2003},
}

@Comment{jabref-meta: databaseType:bibtex;}
